<?xml version='1.0' encoding='UTF-8'?>
<record xmlns="http://www.loc.gov/MARC21/slim">
  <leader>01519cam a2200361Ma 4500</leader>
  <controlfield tag="001">2760866</controlfield>
  <controlfield tag="003">NjP</controlfield>
  <controlfield tag="005">20171010174012.0</controlfield>
  <controlfield tag="008">890713s1970    iq       b    000 0 araod</controlfield>
  <datafield tag="024" ind1="7" ind2=" ">
    <subfield code="a">princeton_aco002108</subfield>
    <subfield code="2">local</subfield>
  </datafield>
  <datafield ind1=" " ind2=" " tag="035">
    <subfield code="a">(OCoLC)ocn178296807</subfield>
  </datafield>
  <datafield ind1=" " ind2=" " tag="035">
    <subfield code="a">(OCoLC)ocm23481772</subfield>
  </datafield>
  <datafield ind1=" " ind2=" " tag="040">
    <subfield code="a">EYM</subfield>
    <subfield code="c">PUL</subfield>
    <subfield code="d">PUL</subfield>
  </datafield>
  <datafield ind1=" " ind2=" " tag="035">
    <subfield code="a">(OCoLC)178296807</subfield>
  </datafield>
  <datafield ind1=" " ind2=" " tag="035">
    <subfield code="9">CNF5486TS</subfield>
  </datafield>
  <datafield ind1=" " ind2=" " tag="035">
    <subfield code="a">(NjP)2760866</subfield>
  </datafield>
  <datafield ind1=" " ind2=" " tag="043">
    <subfield code="a">a-iq---</subfield>
  </datafield>
  <datafield ind1=" " ind2="4" tag="050">
    <subfield code="a">DS 79</subfield>
    <subfield code="b">.R35 1970</subfield>
  </datafield>
  <datafield ind1=" " ind2=" " tag="079">
    <subfield code="a">ocm23481772</subfield>
  </datafield>
  <datafield ind1=" " ind2=" " tag="049">
    <subfield code="a">PULL</subfield>
  </datafield>
  <datafield ind1="1" ind2=" " tag="100">
    <subfield code="6">880-01</subfield>
    <subfield code="a">Rāwī, Thābit Ismāʻīl.</subfield>
  </datafield>
  <datafield ind1="1" ind2="4" tag="245">
    <subfield code="6">880-02</subfield>
    <subfield code="a">al-ʻIrāq fī al-ʻaṣr al-Umawī,</subfield>
    <subfield code="b">min al-nāḥiyah al-siyāsīyah wa-al-idārīyah wa-al-ijtimāʻīyah /</subfield>
    <subfield code="c">[taʼlīf] Thābit Ismāʻīl al-Rāwī.</subfield>
  </datafield>
  <datafield ind1=" " ind2=" " tag="250">
    <subfield code="6">880-03</subfield>
    <subfield code="a">al-Ṭabʻah 2.</subfield>
  </datafield>
  <datafield ind1=" " ind2=" " tag="260">
    <subfield code="6">880-04</subfield>
    <subfield code="a">Baghdād :</subfield>
    <subfield code="b">Maktabat al-Andalus,</subfield>
    <subfield code="c">1970.</subfield>
  </datafield>
  <datafield ind1=" " ind2=" " tag="300">
    <subfield code="a">358 p. ;</subfield>
    <subfield code="c">24 cm.</subfield>
  </datafield>
  <datafield ind1=" " ind2=" " tag="500">
    <subfield code="a">Cover title: Iraq in the Umayyad period, political, social and administral [sic] aspects by Thabit al-Rāwī.</subfield>
  </datafield>
  <datafield ind1=" " ind2=" " tag="500">
    <subfield code="a">Bibliography: p. 329-332.</subfield>
  </datafield>
  <datafield ind1=" " ind2="0" tag="651">
    <subfield code="a">Iraq</subfield>
    <subfield code="x">History.</subfield>
    <subfield code="0">http://id.loc.gov/authorities/subjects/sh85067941</subfield>
  </datafield>
  <datafield ind1="1" ind2=" " tag="880">
    <subfield code="6">100-01/r</subfield>
    <subfield code="a">راوي، ثابت اسماعيل.</subfield>
  </datafield>
  <datafield ind1="1" ind2="2" tag="880">
    <subfield code="6">245-02/r</subfield>
    <subfield code="a">العراق في العصر الاموي،</subfield>
    <subfield code="b">من الناحية السياسية والادارية والاجتماعية /</subfield>
    <subfield code="c">[تأليف] ثابت اسماعيل الراوي.</subfield>
  </datafield>
  <datafield ind1=" " ind2=" " tag="880">
    <subfield code="6">250-03/r</subfield>
    <subfield code="a">الطبعة 2.</subfield>
  </datafield>
  <datafield ind1=" " ind2=" " tag="880">
    <subfield code="6">260-04/r</subfield>
    <subfield code="a">بغداد :</subfield>
    <subfield code="b">مكتبة الاندلس،</subfield>
    <subfield code="c">1970.</subfield>
  </datafield>
  <datafield ind1=" " ind2=" " tag="911">
    <subfield code="a">20000130</subfield>
  </datafield>
  <datafield ind1=" " ind2=" " tag="994">
    <subfield code="a">C0</subfield>
    <subfield code="b">PUL</subfield>
  </datafield>
  <datafield ind1=" " ind2=" " tag="999">
    <subfield code="a">2760866</subfield>
  </datafield>
  <datafield ind1="0" ind2="0" tag="852">
    <subfield code="0">3071648</subfield>
    <subfield code="b">nec</subfield>
    <subfield code="t">1</subfield>
    <subfield code="h">DS70.9</subfield>
    <subfield code="i">.R395 1970</subfield>
  </datafield>
  <datafield ind1=" " ind2=" " tag="959">
    <subfield code="a">2009-07-01 14:32:07 -0400</subfield>
  </datafield>
</record>
